@article{shannon1948,
  author = {Claude E. Shannon},
  title = {A Mathematical Theory of Communication},
  journal = {Bell System Technical Journal},
  year = {1948},
  volume = {27},
  number = {3},
  pages = {379--423},
}

@article{neumann,
  author = {TODO},
  title = {A Mathematical Theory of Communication},
  journal = {Bell System Technical Journal},
  year = {1948},
  volume = {27},
  number = {3},
  pages = {379--423},
}

@inproceedings{Knuth1976TheCO,
  title={The complexity of nonuniform random number generation},
  author={Donald Ervin Knuth and Andrew Chi-Chih Yao},
  year={1976},
  url={https://api.semanticscholar.org/CorpusID:115400979}
}


@article{article,
author = {Han, Te Sun and Hoshi, Mamoru},
year = {1997},
month = {03},
pages = {599-611},
title = {Interval algorithm for random number generation},
volume = {43},
journal = {IEEE Transactions on Information Theory}
}

@inproceedings{saad2020fldr,
title           = {The Fast Loaded Dice Roller: A Near-optimal Exact Sampler for Discrete Probability Distributions},
author          = {Saad, Feras A. and Freer, Cameron E. and Rinard, Martin C. and Mansinghka, Vikash K.},
booktitle       = {AISTATS 2020: Proceedings of the 23rd International Conference on Artificial Intelligence and Statistics},
volume          = 108,
series          = {Proceedings of Machine Learning Research},
address         = {Palermo, Sicily, Italy},
publisher       = {PMLR},
year            = 2020,
keywords        = {random variate generation, sampling, discrete random variables},
}
